@article{elshire2011robust,
  title={A robust, simple genotyping-by-sequencing ({GBS}) approach for high diversity species},
  author={Elshire, Robert J and Glaubitz, Jeffrey C and Sun, Qi and Poland, Jesse A and Kawamoto, Ken and Buckler, Edward S and Mitchell, Sharon E},
  journal={PloS One},
  volume={6},
  number={5},
  pages={e19379},
  year={2011},
  publisher={Public Library of Science}
}

@article{finlay1963analysis,
  title={The analysis of adaptation in a plant-breeding programme},
  author={Finlay, KW and Wilkinson, GN},
  journal={Australian Journal of Agricultural Research},
  volume={14},
  number={6},
  pages={742--754},
  year={1963},
  publisher={CSIRO}
}

@article{lian2016fw,
  title={FW: An R Package for Finlay--Wilkinson Regression that Incorporates Genomic/Pedigree Information and Covariance Structures Between Environments},
  author={Lian, Lian and de los Campos, Gustavo},
  journal={G3: Genes, Genomes, Genetics},
  volume={6},
  number={3},
  pages={589--597},
  year={2016},
  publisher={G3: Genes, Genomes, Genetics}
}


@article{cullis1998spatial,
  title={Spatial analysis of multi-environment early generation variety trials},
  author={Cullis, Brian and Gogel, Bev and Verbyla, Ar{\=u}nas and Thompson, Robin},
  journal={Biometrics},
  pages={1--18},
  year={1998},
  publisher={JSTOR}
}

@article{smith2001analyzing,
  title={Analyzing variety by environment data using multiplicative mixed models and adjustments for spatial field trend},
  author={Smith, Alison and Cullis, Brian and Thompson, Robin},
  journal={Biometrics},
  volume={57},
  number={4},
  pages={1138--1147},
  year={2001},
  publisher={Wiley Online Library}
}

@article{besa:mond:2005,
  title={First-order intrinsic autoregressions and the de Wijs process},
  author={Besag, J. and Mondal, D.},
  journal={Biometrika},
  volume={92},
  number={4},
  pages={909--920},
  year={2005},
  publisher={Oxford University Press}
}


@article{besag1995conditional,
  title={On conditional and intrinsic autoregressions},
  author={Besag, Julian and Kooperberg, Charles},
  journal={Biometrika},
  volume={82},
  number={4},
  pages={733--746},
  year={1995},
  publisher={Oxford University Press}
}

@article{besag1995bayesian,
  title={Bayesian computation and stochastic systems},
  author={Besag, Julian and Green, Peter and Higdon, David and Mengersen, Kerrie and others},
  journal={Statistical science},
  volume={10},
  number={1},
  pages={3--41},
  year={1995},
  publisher={Institute of Mathematical Statistics}
}


@article{besag1999bayesian,
  title={Bayesian analysis of agricultural field experiments},
  author={Besag, Julian and Higdon, David},
  journal={Journal of the Royal Statistical Society: Series B (Statistical Methodology)},
  volume={61},
  number={4},
  pages={691--746},
  year={1999},
  publisher={Wiley Online Library}
}

@article{yang2011gcta,
  title={GCTA: a tool for genome-wide complex trait analysis},
  author={Yang, Jian and Lee, S Hong and Goddard, Michael E and Visscher, Peter M},
  journal={The American Journal of Human Genetics},
  volume={88},
  number={1},
  pages={76--82},
  year={2011},
  publisher={Elsevier}
}

@article{endelman2012shrinkage,
  title={Shrinkage estimation of the realized relationship matrix},
  author={Endelman, Jeffrey B and Jannink, Jean-Luc},
  journal={G3: Genes, Genomes, Genetics},
  volume={2},
  number={11},
  pages={1405--1413},
  year={2012},
  publisher={G3: Genes, Genomes, Genetics}
}


@article{dutt:mond:2015,
  title={An h-likelihood method for spatial mixed linear models based on intrinsic auto-regressions},
  author={Dutta, Somak and Mondal, Debashis},
  journal={Journal of the Royal Statistical Society: Series B (Statistical Methodology)},
  volume={77},
  number={3},
  pages={699--726},
  year={2015},
  publisher={Wiley Online Library}
}

@article{dutt:mond:2016a,
  title={REML estimation with intrinsic Mat{\'e}rn dependence in the spatial linear mixed model},
  author={Dutta, Somak and Mondal, Debashis},
  journal={Electronic Journal of Statistics},
  volume={10},
  number={2},
  pages={2856--2893},
  year={2016},
  publisher={The Institute of Mathematical Statistics and the Bernoulli Society}
}


@article{dutt:mond:2016b,
  title={Variogram calculations for random fields on regular lattices using quadrature methods},
  author={Dutta, Somak and Mondal, Debashis},
  journal={Environmetrics},
  volume={27},
  number={7},
  pages={380--395},
  year={2016},
  publisher={Wiley Online Library}
}


@inproceedings{mccu:clif:2006,
  title={Evidence for conformal invariance of crop yields},
  author={McCullagh, Peter and Clifford, David},
  booktitle={Proceedings of the Royal Society of London A: Mathematical, Physical and Engineering Sciences},
  volume={462},
  pages={2119--2143},
  year={2006},
  organization={The Royal Society}
}






